<record><leader>00000cas a22000007a 4500</leader><controlfield tag="001">17500248</controlfield><controlfield tag="008">880218d19581989lauwr ne      0    0eng d</controlfield><datafield ind1=" " ind2=" " tag="010"><subfield code="a">sn 88064110 </subfield></datafield><datafield ind1=" " ind2=" " tag="040"><subfield code="a">LNP</subfield><subfield code="b">eng</subfield><subfield code="c">LNP</subfield><subfield code="d">OCLCQ</subfield><subfield code="d">OCLCF</subfield><subfield code="d">OCLCO</subfield></datafield><datafield ind1="1" ind2=" " tag="029"><subfield code="a">AU@</subfield><subfield code="b">000025824134</subfield></datafield><datafield ind1=" " ind2=" " tag="042"><subfield code="a">msc</subfield></datafield><datafield ind1=" " ind2=" " tag="043"><subfield code="a">n-us-la</subfield></datafield><datafield ind1="0" ind2=" " tag="130"><subfield code="a">Observer (Baker, La.)</subfield></datafield><datafield ind1="1" ind2="4" tag="245"><subfield code="a">The Observer.</subfield></datafield><datafield ind1=" " ind2=" " tag="260"><subfield code="a">Baker, La. :</subfield><subfield code="b">Baker Pub. Co.</subfield></datafield><datafield ind1=" " ind2=" " tag="310"><subfield code="a">Weekly,</subfield><subfield code="b">Jan. 11, 1979-1989</subfield></datafield><datafield ind1=" " ind2=" " tag="321"><subfield code="a">Weekly,</subfield><subfield code="b">&lt;Jan. 2, 1964&gt;-Mar. 1, 1973</subfield></datafield><datafield ind1=" " ind2=" " tag="321"><subfield code="a">Semiweekly,</subfield><subfield code="b">Mar. 5, 1973-Dec. 21, 1978</subfield></datafield><datafield ind1="1" ind2=" " tag="362"><subfield code="a">Began in 1958.</subfield></datafield><datafield ind1="0" ind2=" " tag="362"><subfield code="a">-32nd year, no. 39 (Dec. 21, 1989).</subfield></datafield><datafield ind1=" " ind2=" " tag="588"><subfield code="a">Description based on: 7th year, no. 1 (Jan. 2, 1964).</subfield></datafield><datafield ind1=" " ind2="0" tag="651"><subfield code="a">Baker (La.)</subfield><subfield code="v">Newspapers.</subfield></datafield><datafield ind1=" " ind2="7" tag="655"><subfield code="a">Newspapers.</subfield><subfield code="2">fast</subfield><subfield code="0">(OCoLC)fst01423814</subfield></datafield><datafield ind1=" " ind2="7" tag="651"><subfield code="a">Louisiana</subfield><subfield code="z">Baker.</subfield><subfield code="2">fast</subfield><subfield code="0">(OCoLC)fst01226279</subfield></datafield><datafield ind1=" " ind2=" " tag="752"><subfield code="a">United States</subfield><subfield code="b">Louisiana</subfield><subfield code="c">East Baton Rouge</subfield><subfield code="d">Baker.</subfield></datafield><datafield ind1="0" ind2="0" tag="785"><subfield code="t">Baker observer</subfield><subfield code="w">(OCoLC)27306664</subfield></datafield></record>